@misc{ref1,
  author = {Gouaisbaut.F},
  title = {{Retour d'état et observateur}},
  howpublished = "\url{https://homepages.laas.fr/fgouaisb/donnees/observateur4.pdf}",
  year = {2016}, 
  note = "[Internet], consulté le [25-11-2018]"
}